<?xml version="1.0" encoding="UTF-8"?><collection xmlns="http://www.loc.gov/MARC21/slim"><record><leader>00357nam--2200133-i-4500</leader><controlfield tag="001">000022635</controlfield><controlfield tag="002">20161230</controlfield><controlfield tag="005">20161230201034</controlfield><controlfield tag="008">060222s1000------------r-----000-0-eng-d</controlfield><datafield ind1=" " ind2=" " tag="080"><subfield code="a">543.253</subfield></datafield><datafield ind1=" " ind2=" " tag="100"><subfield code="a">Heyrovsky, Jaroslav</subfield></datafield><datafield ind1=" " ind2=" " tag="245"><subfield code="a">Uvod do prakticke polarografie</subfield></datafield><datafield ind1=" " ind2=" " tag="260"><subfield code="a">Praha, Nakladatelstvi Ceskoslovenske Akademie Ved, 1964, 223 P</subfield></datafield><datafield ind1=" " ind2=" " tag="852"><subfield code="a">25347</subfield></datafield></record></collection>